%%%%%%%%%%%%%%%%%%%%%%%%%%%%%%%%%%%%%%%%%%%%%%%%%%%%%%%%%%%%%%%%%%%%%%%%%%
% Referencias bibliograficas utilizadas
% Para mais informações ver documentação do abntex2 e http://www.bibtex.org/
%%%%%%%%%%%%%%%%%%%%%%%%%%%%%%%%%%%%%%%%%%%%%%%%%%%%%%%%%%%%%%%%%%%%%%%%%%

% https://github.com/AdrianoRuseler/abntex2-modelo-experimento/blob/master/abntex2-modelo-references.bib

% É importante observar que em casos onde o nome do autor ou organização tem acentos é importante fazer na forma separada \'e \~a de forma que a versão em maiúsculas fique correta.

@misc{tabular-ibge,
  title={Normas de apresenta{\c{c}}{\~a}o tabular},
  organization={Funda{\c{c}}{\~a}o Instituto Brasileiro de Geografia e Estat{\'i}stica - IBGE},
  org-short={IBGE},
  year={1993},
  url={https://web.archive.org/web/20210624204314/https://biblioteca.ibge.gov.br/visualizacao/livros/liv23907.pdf},
  address={Rio de Janeiro - RJ},
  publisher={IBGE}
}

@misc{metropoles,
    organization={Cupom Válido},
    org-short={CupomVálido},
    title={Ranking de utilização de redes sociais},
    year={2021},
    url={https://www.metropoles.com/dino/brasil-esta-entre-os-3-paises-que-mais-usa-redes-sociais},
    publisher={Metrópoles},
 }

@misc{stateof,
    organization={Data.Ai},
    org-short={Data.Ai},
    title={State of Mobile},
    year={2022},
    url={https://www.data.ai/en/go/state-of-mobile-2022},
    publisher={Data.Ai},
 }

@misc{ibge2019,
    organization={Funda{\c{c}}{\~a}o Instituto Brasileiro de Geografia e Estat{\'i}stica - IBGE},
    org-short={IBGE},
    title={USO DE INTERNET, TELEVISÃO E CELULAR NO BRASIL},
    year={2019},
    url={https://educa.ibge.gov.br/jovens/materias-especiais/20787-uso-de-internet-televisao-e-celular-no-brasil.html},
    publisher={IBGE},
 }

@misc{googleprivacy,
    organization={Google},
    org-short={Google},
    title={Privacidade \& Termos},
    year={2022},
    url={https://policies.google.com/privacy?hl=pt-BR},
    publisher={Google},
 }
 
 @misc{googleadsense,
    organization={Google},
    org-short={Google},
    title={Google AdSense},
    year={2022},
    url={https://support.google.com/adsense/answer/6242051?hl=pt-BRzippy=},
    publisher={Google},
 }

@book{kanner43,
  title={Autistic disturbances of affective contact},
  author={Leo Kanner},
  year={1943, p.242, 245, 246},
  publisher = {Nervous Children},
  address = {New York, NY, USA}
}

@book{f.ortega,
  title={Deficiência, autismo e neurodiversidade},
  author={Francisco Ortega},
  year={1943, p.242, 245, 246},
  publisher = {Nervous Children},
  address = {New York, NY, USA}
}


@book{ortega,
  title={Deficiência, autismo e neurodiversidade},
  author={Francisco Ortega},
  year={2009},
}

@book{ortega2008,
  title={O sujeito cerebral e o movimento da neurodiversidade},
  author={Francisco Ortega},
  year={2008},
}

@book{machado,
  title={A relação entre a neurodiversidade e o Transtorno do Espectro Autista},
  author={Ana Carolina Holanda Machado, et al.},
  year={2019},
}

@book{rios,
  title={The changing face of autism in Brazil},
  author={ Clarice Rios, Barbara Costa Andrada.},
  year={2015},
}

@book{oliver1990politics,
  title={Politics of disablement},
  author={Oliver, Michael},
  year={1990},
  publisher={Macmillan International Higher Education}
}

@misc{especificações_do_PO,
    organization={EQUIPE PM3},
    org-short={EQUIPE PM3},
    title={Product Owner: função, salário e tudo que você precisa saber sobre o papel},
    year={2022},
    url={https://www.cursospm3.com.br/product-owner-o-que-faz-salario-habilidades/},
 }